<?xml version="1.0" encoding="UTF-8"?>
  <record xmlns="http://www.loc.gov/MARC21/slim" type="Authority">
    <leader>00000nz  a2200000oc 4500</leader>
    <controlfield tag="001">130827207</controlfield>
    <controlfield tag="003">DE-101</controlfield>
    <controlfield tag="005">20110809141237.0</controlfield>
    <controlfield tag="008">060117n||aznnnaabn           | aaa    |c</controlfield>
    <datafield tag="024" ind1="7" ind2=" ">
      <subfield code="a">130827207</subfield>
      <subfield code="0">http://d-nb.info/gnd/130827207</subfield>
      <subfield code="2">gnd</subfield>
    </datafield>
    <datafield tag="035" ind1=" " ind2=" ">
      <subfield code="a">(DE-101)130827207</subfield>
    </datafield>
    <datafield tag="035" ind1=" " ind2=" ">
      <subfield code="a">(DE-588)130827207</subfield>
    </datafield>
    <datafield tag="035" ind1=" " ind2=" ">
      <subfield code="z">(DE-588a)130827207</subfield>
      <subfield code="9">v:zg</subfield>
    </datafield>
    <datafield tag="040" ind1=" " ind2=" ">
      <subfield code="a">DE-3</subfield>
      <subfield code="c">DE-3</subfield>
      <subfield code="9">r:DE-601</subfield>
      <subfield code="b">ger</subfield>
      <subfield code="d">0023</subfield>
    </datafield>
    <datafield tag="042" ind1=" " ind2=" ">
      <subfield code="a">gnd3</subfield>
    </datafield>
    <datafield tag="043" ind1=" " ind2=" ">
      <subfield code="c">XA-DE</subfield>
    </datafield>
    <datafield tag="075" ind1=" " ind2=" ">
      <subfield code="b">p</subfield>
      <subfield code="2">gndgen</subfield>
    </datafield>
    <datafield tag="075" ind1=" " ind2=" ">
      <subfield code="b">piz</subfield>
      <subfield code="2">gndspec</subfield>
    </datafield>
    <datafield tag="079" ind1=" " ind2=" ">
      <subfield code="a">g</subfield>
      <subfield code="q">a</subfield>
      <subfield code="q">f</subfield>
    </datafield>
    <datafield tag="100" ind1="0" ind2=" ">
      <subfield code="a">Heinrich Karl</subfield>
      <subfield code="c">Braunschweig-Lüneburg, Herzog</subfield>
      <subfield code="d">1609-1615</subfield>
    </datafield>
    <datafield tag="375" ind1=" " ind2=" ">
      <subfield code="a">1</subfield>
      <subfield code="2">iso5218</subfield>
    </datafield>
    <datafield tag="400" ind1="0" ind2=" ">
      <subfield code="a">Heinrich Carl</subfield>
      <subfield code="c">Braunschweig-Lüneburg, Herzog</subfield>
      <subfield code="d">1609-1615</subfield>
    </datafield>
    <datafield tag="400" ind1="0" ind2=" ">
      <subfield code="a">Heinrich Carl</subfield>
      <subfield code="c">Braunschweig, Herzog</subfield>
      <subfield code="d">1609-1615</subfield>
    </datafield>
    <datafield tag="400" ind1="0" ind2=" ">
      <subfield code="a">Heinrich Karl</subfield>
      <subfield code="c">Braunschweig, Herzog</subfield>
      <subfield code="d">1609-1615</subfield>
    </datafield>
    <datafield tag="400" ind1="0" ind2=" ">
      <subfield code="a">Heinrich Carl</subfield>
      <subfield code="c">Braunschweig-Wolfenbüttel, Herzog</subfield>
      <subfield code="d">1609-1615</subfield>
    </datafield>
    <datafield tag="400" ind1="0" ind2=" ">
      <subfield code="a">Heinrich Karl</subfield>
      <subfield code="c">Braunschweig-Wolfenbüttel, Herzog</subfield>
      <subfield code="d">1609-1615</subfield>
    </datafield>
    <datafield tag="400" ind1="0" ind2=" ">
      <subfield code="a">Henricus Carolus</subfield>
      <subfield code="c">Brunsviga-Lunaeburgum, Dux</subfield>
      <subfield code="d">1609-1615</subfield>
    </datafield>
    <datafield tag="400" ind1="0" ind2=" ">
      <subfield code="a">Henricus Carolus</subfield>
      <subfield code="c">Brunsvica-Lunaeburgum, Dux</subfield>
      <subfield code="d">1609-1615</subfield>
    </datafield>
    <datafield tag="400" ind1="0" ind2=" ">
      <subfield code="a">Henricus Carolus</subfield>
      <subfield code="c">Brunsvicensis ac Lunaeburgensis Dux</subfield>
      <subfield code="d">1609-1615</subfield>
    </datafield>
    <datafield tag="400" ind1="0" ind2=" ">
      <subfield code="a">Heinricus Carolus</subfield>
      <subfield code="c">Brunsvicensis ac Lunaeburgensis Dux</subfield>
      <subfield code="d">1609-1615</subfield>
    </datafield>
    <datafield tag="500" ind1="0" ind2=" ">
      <subfield code="0">(DE-101)118709887</subfield>
      <subfield code="0">(DE-588)118709887</subfield>
      <subfield code="0">https://d-nb.info/gnd/118709887</subfield>
      <subfield code="a">Heinrich Julius</subfield>
      <subfield code="c">Braunschweig-Wolfenbüttel, Herzog</subfield>
      <subfield code="d">1564-1613</subfield>
      <subfield code="4">bezf</subfield>
      <subfield code="4">https://d-nb.info/standards/elementset/gnd#familialRelationship</subfield>
      <subfield code="w">r</subfield>
      <subfield code="i">Beziehung familiaer</subfield>
      <subfield code="e">Beziehung familiaer</subfield>
      <subfield code="9">v:Vater</subfield>
    </datafield>
    <datafield tag="500" ind1="0" ind2=" ">
      <subfield code="0">(DE-101)101042515</subfield>
      <subfield code="0">(DE-588)101042515</subfield>
      <subfield code="0">https://d-nb.info/gnd/101042515</subfield>
      <subfield code="a">Elisabeth</subfield>
      <subfield code="c">Braunschweig-Wolfenbüttel, Herzogin</subfield>
      <subfield code="d">1573-1626</subfield>
      <subfield code="4">bezf</subfield>
      <subfield code="4">https://d-nb.info/standards/elementset/gnd#familialRelationship</subfield>
      <subfield code="w">r</subfield>
      <subfield code="i">Beziehung familiaer</subfield>
      <subfield code="e">Beziehung familiaer</subfield>
      <subfield code="9">v:Mutter</subfield>
    </datafield>
    <datafield tag="500" ind1="0" ind2=" ">
      <subfield code="0">(DE-101)102017433</subfield>
      <subfield code="0">(DE-588)102017433</subfield>
      <subfield code="0">https://d-nb.info/gnd/102017433</subfield>
      <subfield code="a">Friedrich Ulrich</subfield>
      <subfield code="c">Braunschweig-Wolfenbüttel, Herzog</subfield>
      <subfield code="d">1591-1634</subfield>
      <subfield code="4">bezf</subfield>
      <subfield code="4">https://d-nb.info/standards/elementset/gnd#familialRelationship</subfield>
      <subfield code="w">r</subfield>
      <subfield code="i">Beziehung familiaer</subfield>
      <subfield code="e">Beziehung familiaer</subfield>
      <subfield code="9">v:Bruder</subfield>
    </datafield>
    <datafield tag="500" ind1="0" ind2=" ">
      <subfield code="0">(DE-101)10212809X</subfield>
      <subfield code="0">(DE-588)10212809X</subfield>
      <subfield code="0">https://d-nb.info/gnd/10212809X</subfield>
      <subfield code="a">Christian</subfield>
      <subfield code="c">Braunschweig-Lüneburg, Herzog, 1599-1626</subfield>
      <subfield code="d">1599-1626</subfield>
      <subfield code="4">bezf</subfield>
      <subfield code="4">https://d-nb.info/standards/elementset/gnd#familialRelationship</subfield>
      <subfield code="w">r</subfield>
      <subfield code="i">Beziehung familiaer</subfield>
      <subfield code="e">Beziehung familiaer</subfield>
      <subfield code="9">v:Bruder</subfield>
    </datafield>
    <datafield tag="500" ind1="0" ind2=" ">
      <subfield code="0">(DE-101)104183802</subfield>
      <subfield code="0">(DE-588)104183802</subfield>
      <subfield code="0">https://d-nb.info/gnd/104183802</subfield>
      <subfield code="a">Rudolph</subfield>
      <subfield code="c">Braunschweig, Herzog</subfield>
      <subfield code="d">1602-1616</subfield>
      <subfield code="4">bezf</subfield>
      <subfield code="4">https://d-nb.info/standards/elementset/gnd#familialRelationship</subfield>
      <subfield code="w">r</subfield>
      <subfield code="i">Beziehung familiaer</subfield>
      <subfield code="e">Beziehung familiaer</subfield>
      <subfield code="9">v:Bruder</subfield>
    </datafield>
    <datafield tag="548" ind1=" " ind2=" ">
      <subfield code="a">1609-1615</subfield>
      <subfield code="4">datl</subfield>
      <subfield code="4">https://d-nb.info/standards/elementset/gnd#dateOfBirthAndDeath</subfield>
      <subfield code="w">r</subfield>
      <subfield code="i">Lebensdaten</subfield>
    </datafield>
    <datafield tag="548" ind1=" " ind2=" ">
      <subfield code="a">07.09.1609-11.06.1615</subfield>
      <subfield code="4">datx</subfield>
      <subfield code="4">https://d-nb.info/standards/elementset/gnd#dateOfBirthAndDeath</subfield>
      <subfield code="w">r</subfield>
      <subfield code="i">Exakte Lebensdaten</subfield>
    </datafield>
    <datafield tag="551" ind1=" " ind2=" ">
      <subfield code="a">Hessen (Sachsen-Anhalt)</subfield>
      <subfield code="4">ortg</subfield>
      <subfield code="4">https://d-nb.info/standards/elementset/gnd#placeOfBirth</subfield>
      <subfield code="w">r</subfield>
      <subfield code="i">Geburtsort</subfield>
    </datafield>
    <datafield tag="551" ind1=" " ind2=" ">
      <subfield code="0">(DE-101)040243443</subfield>
      <subfield code="0">(DE-588)4024344-8</subfield>
      <subfield code="0">https://d-nb.info/gnd/4024344-8</subfield>
      <subfield code="a">Helmstedt</subfield>
      <subfield code="4">orts</subfield>
      <subfield code="4">https://d-nb.info/standards/elementset/gnd#placeOfDeath</subfield>
      <subfield code="w">r</subfield>
      <subfield code="i">Sterbeort</subfield>
    </datafield>
    <datafield tag="667" ind1=" " ind2=" ">
      <subfield code="a">VD-17</subfield>
    </datafield>
    <datafield tag="670" ind1=" " ind2=" ">
      <subfield code="a">Internet</subfield>
    </datafield>
    <datafield tag="672" ind1=" " ind2="0">
      <subfield code="a">Strube, Heinrich Julius: Eine Christliche Predigt/ Gehalten in der Pfarrkirchen zu Helmstädt den 23. Junii/ Anno 1615. - 1616</subfield>
    </datafield>
    <datafield tag="678" ind1=" " ind2=" ">
      <subfield code="b">jüngster Sohn von Herzog Heinrich Julius zu Braunschweig-Wolfenbüttel u. Elisabeth, geb. Prinzessin zu Dänemark</subfield>
    </datafield>
    <datafield tag="913" ind1=" " ind2=" ">
      <subfield code="S">pnd</subfield>
      <subfield code="i">5</subfield>
      <subfield code="a">Heinrich Karl &lt;Braunschweig-Lüneburg, Herzog&gt;</subfield>
      <subfield code="0">(DE-588a)130827207</subfield>
    </datafield>
  </record>
